<record><leader>00000cas a22000007a 4500</leader><controlfield tag="001">18577072</controlfield><controlfield tag="008">881006d19191928nduwr ne      0    0eng d</controlfield><datafield ind1=" " ind2=" " tag="010"><subfield code="a">sn 88076366 </subfield></datafield><datafield ind1=" " ind2=" " tag="040"><subfield code="a">NOP</subfield><subfield code="b">eng</subfield><subfield code="c">NOP</subfield><subfield code="d">OCLCQ</subfield><subfield code="d">OCLCF</subfield><subfield code="d">OCLCO</subfield></datafield><datafield ind1="1" ind2=" " tag="029"><subfield code="a">AU@</subfield><subfield code="b">000025837722</subfield></datafield><datafield ind1=" " ind2=" " tag="042"><subfield code="a">msc</subfield></datafield><datafield ind1=" " ind2=" " tag="043"><subfield code="a">n-us-nd</subfield></datafield><datafield ind1="0" ind2="0" tag="245"><subfield code="a">Renville County farmers press.</subfield></datafield><datafield ind1=" " ind2=" " tag="260"><subfield code="a">Mohall, Renville County, N.D. :</subfield><subfield code="b">Publishers National Service Bureau</subfield></datafield><datafield ind1=" " ind2=" " tag="300"><subfield code="a">9 v. :</subfield><subfield code="b">ill. ;</subfield><subfield code="c">56 cm.</subfield></datafield><datafield ind1=" " ind2=" " tag="310"><subfield code="a">Weekly</subfield></datafield><datafield ind1="0" ind2=" " tag="362"><subfield code="a">Vol. 2, no. 36 (July 23, 1919)-v. 10, no. 39 (Aug. 2, 1928).</subfield></datafield><datafield ind1=" " ind2=" " tag="500"><subfield code="a">"Official paper of Renville Co.", 1919-1928.</subfield></datafield><datafield ind1=" " ind2=" " tag="530"><subfield code="a">Available on microfilm from the State Historical Society of North Dakota.</subfield></datafield><datafield ind1="2" ind2="0" tag="610"><subfield code="a">National Nonpartisan League</subfield><subfield code="z">North Dakota</subfield><subfield code="v">Newspapers.</subfield></datafield><datafield ind1=" " ind2="7" tag="655"><subfield code="a">Newspapers.</subfield><subfield code="2">fast</subfield><subfield code="0">(OCoLC)fst01423814</subfield></datafield><datafield ind1="2" ind2="7" tag="610"><subfield code="a">National Nonpartisan League.</subfield><subfield code="2">fast</subfield><subfield code="0">(OCoLC)fst00516027</subfield></datafield><datafield ind1=" " ind2="7" tag="651"><subfield code="a">North Dakota.</subfield><subfield code="2">fast</subfield><subfield code="0">(OCoLC)fst01205582</subfield></datafield><datafield ind1=" " ind2=" " tag="752"><subfield code="a">United States</subfield><subfield code="b">North Dakota</subfield><subfield code="c">Renville</subfield><subfield code="d">Mohall.</subfield></datafield><datafield ind1="0" ind2="0" tag="780"><subfield code="t">Renville County nonpartisan</subfield><subfield code="w">(DLC)sn 88076365</subfield></datafield><datafield ind1="0" ind2="5" tag="780"><subfield code="t">Mohall tribune-news</subfield><subfield code="w">(DLC)sn 88076624</subfield></datafield><datafield ind1="0" ind2="5" tag="780"><subfield code="t">Tolley journal</subfield><subfield code="w">(DLC)sn 88076625</subfield></datafield><datafield ind1="0" ind2="0" tag="785"><subfield code="t">Renville County farmer (Mohall, N.D. : 1928)</subfield><subfield code="w">(DLC)sn 88076367</subfield></datafield></record>